@book{kurose_computernetzwerke:_2014,
	location = {Hallbergmoos},
	edition = {6., aktualisierte Auflage},
	title = {Computernetzwerke: der Top-Down-Ansatz},
	isbn = {978-3-86894-237-8},
	series = {Informatik},
	shorttitle = {Computernetzwerke},
	pagetotal = {894},
	publisher = {Pearson},
	author = {Kurose, James F. and Ross, Keith W.},
	date = {2014},
	note = {{OCLC}: 879515435},
	file = {Table of Contents PDF:/home/basti/Zotero/storage/GX6SGQPJ/Kurose und Ross - 2014 - Computernetzwerke der Top-Down-Ansatz.pdf:application/pdf}
}

@online{guttich_intrusion-detection_2018,
	title = {Intrusion-Detection und -Prevention-Systeme},
	url = {https://www.security-insider.de/intrusion-detection-und-prevention-systeme-a-735825/},
	abstract = {Ein Intrusion-Detection- oder Intrusion-Pre­ven­tion-System ({IDS} / {IPS}) ist eine Security-Lösung, die ein Netzwerk oder eine Netz­werk­kom­po­nen­te wie einen Server oder einen Switch überwacht und versucht, Regel­ver­let­zung­en und schädliche Vorfälle wie Hacker-Angriffe zu erkennen und diese dann teilweise automatisch abzuwehren. Wir zeigen wie sich {IDS} und {IPS} unterscheiden und wer die wichtigsten Hersteller sind.},
	author = {Güttich, Dr. Götz and Schmitz, Peter},
	urldate = {2020-01-01},
	date = {2018-08-14},
	langid = {german},
	file = {Snapshot:/home/basti/Zotero/storage/YCPZ25DS/intrusion-detection-und-prevention-systeme-a-735825.html:text/html}
}